@article{DBLP:journals/corr/abs-2105-09613,
	author       = {Aditi Singh and
	Suhas Jayaram Subramanya and
	Ravishankar Krishnaswamy and
	Harsha Vardhan Simhadri},
	title        = {FreshDiskANN: {A} Fast and Accurate Graph-Based {ANN} Index for Streaming
	Similarity Search},
	journal      = {CoRR},
	volume       = {abs/2105.09613},
	year         = {2021}
}
@inproceedings{clarkson1994algorithm,
	title={An algorithm for approximate closest-point queries},
	author={Clarkson, Kenneth L},
	booktitle={Proceedings of the tenth annual symposium on Computational geometry},
	pages={160--164},
	year={1994}
}
@inproceedings{DBLP:conf/cvpr/Silpa-AnanH08,
	author       = {Chanop Silpa{-}Anan and
	Richard I. Hartley},
	title        = {Optimised KD-trees for fast image descriptor matching},
	booktitle    = {{CVPR}},
	publisher    = {{IEEE} Computer Society},
	year         = {2008}
}
@inproceedings{DBLP:conf/sigmod/BeckmannKSS90,
	author       = {Norbert Beckmann and
	Hans{-}Peter Kriegel and
	Ralf Schneider and
	Bernhard Seeger},
	title        = {The R*-Tree: An Efficient and Robust Access Method for Points and
	Rectangles},
	booktitle    = {{SIGMOD} Conference},
	pages        = {322--331},
	publisher    = {{ACM} Press},
	year         = {1990}
}
@inproceedings{DBLP:conf/vldb/GionisIM99,
	author       = {Aristides Gionis and
	Piotr Indyk and
	Rajeev Motwani},
	title        = {Similarity Search in High Dimensions via Hashing},
	booktitle    = {{VLDB}},
	pages        = {518--529},
	publisher    = {Morgan Kaufmann},
	year         = {1999}
}
@article{DBLP:journals/pami/JegouDS11,
	author       = {Herv{\'{e}} J{\'{e}}gou and
	Matthijs Douze and
	Cordelia Schmid},
	title        = {Product Quantization for Nearest Neighbor Search},
	journal      = {{IEEE} Trans. Pattern Anal. Mach. Intell.},
	volume       = {33},
	number       = {1},
	pages        = {117--128},
	year         = {2011}
}
@article{aurenhammer1991voronoi,
	title={Voronoi diagramsâ€”a survey of a fundamental geometric data structure},
	author={Aurenhammer, Franz},
	journal={ACM Computing Surveys (CSUR)},
	volume={23},
	number={3},
	pages={345--405},
	year={1991},
	publisher={ACM New York, NY, USA}
}
@inproceedings{dearholt1988monotonic,
	title={Monotonic search networks for computer vision databases},
	author={Dearholt, DW and Gonzales, N and Kurup, G},
	booktitle={Twenty-Second Asilomar Conference on Signals, Systems and Computers},
	volume={2},
	pages={548--553},
	year={1988},
	organization={IEEE}
}
@inproceedings{DBLP:conf/soda/AryaM93,
	author       = {Sunil Arya and
	David M. Mount},
	title        = {Approximate Nearest Neighbor Queries in Fixed Dimensions},
	booktitle    = {{SODA}},
	pages        = {271--280},
	publisher    = {{ACM/SIAM}},
	year         = {1993}
}
@inproceedings{DBLP:conf/ijcai/HajebiASZ11,
	author       = {Kiana Hajebi and
	Yasin Abbasi{-}Yadkori and
	Hossein Shahbazi and
	Hong Zhang},
	title        = {Fast Approximate Nearest-Neighbor Search with k-Nearest Neighbor Graph},
	booktitle    = {{IJCAI}},
	pages        = {1312--1317},
	publisher    = {{IJCAI/AAAI}},
	year         = {2011}
}
@article{DBLP:journals/tcyb/JinZHLCH14,
	author       = {Zhongming Jin and
	Debing Zhang and
	Yao Hu and
	Shiding Lin and
	Deng Cai and
	Xiaofei He},
	title        = {Fast and Accurate Hashing Via Iterative Nearest Neighbors Expansion},
	journal      = {{IEEE} Trans. Cybern.},
	volume       = {44},
	number       = {11},
	pages        = {2167--2177},
	year         = {2014}
}
@article{DBLP:journals/corr/FuC16,
	author       = {Cong Fu and
	Deng Cai},
	title        = {{EFANNA} : An Extremely Fast Approximate Nearest Neighbor Search Algorithm
	Based on kNN Graph},
	journal      = {CoRR},
	volume       = {abs/1609.07228},
	year         = {2016}
}
@article{DBLP:journals/is/MalkovPLK14,
	author       = {Yury Malkov and
	Alexander Ponomarenko and
	Andrey Logvinov and
	Vladimir Krylov},
	title        = {Approximate nearest neighbor algorithm based on navigable small world
	graphs},
	journal      = {Inf. Syst.},
	volume       = {45},
	pages        = {61--68},
	year         = {2014}
}
@inproceedings{DBLP:conf/cvpr/HarwoodD16,
	author       = {Ben Harwood and
	Tom Drummond},
	title        = {{FANNG:} Fast Approximate Nearest Neighbour Graphs},
	booktitle    = {{CVPR}},
	pages        = {5713--5722},
	publisher    = {{IEEE} Computer Society},
	year         = {2016}
}
@article{DBLP:journals/pr/Toussaint80,
	author       = {Godfried T. Toussaint},
	title        = {The relative neighbourhood graph of a finite planar set},
	journal      = {Pattern Recognit.},
	volume       = {12},
	number       = {4},
	pages        = {261--268},
	year         = {1980}
}
@article{DBLP:journals/corr/MalkovY16,
	author       = {Yury A. Malkov and
	Dmitry A. Yashunin},
	title        = {Efficient and robust approximate nearest neighbor search using Hierarchical
	Navigable Small World graphs},
	journal      = {CoRR},
	volume       = {abs/1603.09320},
	year         = {2016}
}
@article{DBLP:journals/pvldb/FuXWC19,
	author       = {Cong Fu and
	Chao Xiang and
	Changxu Wang and
	Deng Cai},
	title        = {Fast Approximate Nearest Neighbor Search With The Navigating Spreading-out
	Graph},
	journal      = {Proc. {VLDB} Endow.},
	volume       = {12},
	number       = {5},
	pages        = {461--474},
	year         = {2019}
}
@inproceedings{DBLP:conf/sosp/XuLLXCZLYYYCY23,
	author       = {Yuming Xu and
	Hengyu Liang and
	Jin Li and
	Shuotao Xu and
	Qi Chen and
	Qianxi Zhang and
	Cheng Li and
	Ziyue Yang and
	Fan Yang and
	Yuqing Yang and
	Peng Cheng and
	Mao Yang},
	title        = {SPFresh: Incremental In-Place Update for Billion-Scale Vector Search},
	booktitle    = {{SOSP}},
	pages        = {545--561},
	publisher    = {{ACM}},
	year         = {2023}
}

@article{DBLP:journals/is/AumullerBF20,
	author       = {Martin Aum{\"{u}}ller and
	Erik Bernhardsson and
	Alexander John Faithfull},
	title        = {ANN-Benchmarks: {A} benchmarking tool for approximate nearest neighbor
	algorithms},
	journal      = {Inf. Syst.},
	volume       = {87},
	year         = {2020}
}

@inproceedings{DBLP:conf/icra/TanakaK08,
	author       = {Kanji Tanaka and
	Eiji Kondo},
	title        = {A scalable algorithm for monte carlo localization using an incremental
	E\({}^{\mbox{2}}\)LSH-database of high dimensional features},
	booktitle    = {{ICRA}},
	pages        = {2784--2791},
	publisher    = {{IEEE}},
	year         = {2008}
}

@article{DBLP:journals/pami/JegouDS11,
	author       = {Herv{\'{e}} J{\'{e}}gou and
	Matthijs Douze and
	Cordelia Schmid},
	title        = {Product Quantization for Nearest Neighbor Search},
	journal      = {{IEEE} Trans. Pattern Anal. Mach. Intell.},
	volume       = {33},
	number       = {1},
	pages        = {117--128},
	year         = {2011}
}
@article{DBLP:journals/tkde/LiZSWLZL20,
	author       = {Wen Li and
	Ying Zhang and
	Yifang Sun and
	Wei Wang and
	Mingjie Li and
	Wenjie Zhang and
	Xuemin Lin},
	title        = {Approximate Nearest Neighbor Search on High Dimensional Data - Experiments,
	Analyses, and Improvement},
	journal      = {{IEEE} Trans. Knowl. Data Eng.},
	volume       = {32},
	number       = {8},
	pages        = {1475--1488},
	year         = {2020}
}